@InProceedings{observation,
author={Bonatti, Rogerio
and Zhang, Yanfu
and Choudhury, Sanjiban
and Wang, Wenshan
and Scherer, Sebastian},
editor={Xiao, Jing
and Kr{\"o}ger, Torsten
and Khatib, Oussama},
title={Autonomous Drone Cinematographer: Using Artistic Principles to Create Smooth, Safe, Occlusion-Free Trajectories for Aerial Filming},
booktitle={Proceedings of the 2018 International Symposium on Experimental Robotics},
year={2020},
publisher="Springer International Publishing",
address={Cham},
pages={119-129}
}

@Inbook{disaster,
author="Michael, Nathan
and Shen, Shaojie
and Mohta, Kartik
and Kumar, Vijay
and Nagatani, Keiji
and Okada, Yoshito
and Kiribayashi, Seiga
and Otake, Kazuki
and Yoshida, Kazuya
and Ohno, Kazunori
and Takeuchi, Eijiro
and Tadokoro, Satoshi",
editor="Yoshida, Kazuya
and Tadokoro, Satoshi",
title="Collaborative Mapping of an Earthquake Damaged Building via Ground and Aerial Robots",
bookTitle="Field and Service Robotics: Results of the 8th International Conference",
year="2014",
publisher="Springer Berlin Heidelberg",
address="Berlin, Heidelberg",
pages="33--47",
}

@article{overheadperching,
    author = {Terry Ching  and Joseph Zhi Wei Lee  and Shane Kyi Hla Win  and Luke Soe Thura Win  and Danial Sufiyan  and Charlotte Pei Xuan Lim  and Nidhi Nagaraju  and Yi-Chin Toh  and Shaohui Foong  and Michinao Hashimoto },
    title = {Crawling, climbing, perching, and flying by FiBa soft robots},
    journal = {Science Robotics},
    volume = {9},
    number = {92},
    pages = {eadk4533},
    year = {2024},
    doi = {10.1126/scirobotics.adk4533},
    URL = {https://www.science.org/doi/abs/10.1126/scirobotics.adk4533},
    eprint = {https://www.science.org/doi/pdf/10.1126/scirobotics.adk4533},
}

@article{underhandperching,
    author = {Kaiyu Hang  and Ximin Lyu  and Haoran Song  and Johannes A. Stork  and Aaron M. Dollar  and Danica Kragic  and Fu Zhang },
    title = {Perching and resting—A paradigm for UAV maneuvering with modularized landing gears},
    journal = {Science Robotics},
    volume = {4},
    number = {28},
    pages = {eaau6637},
    year = {2019},
    doi = {10.1126/scirobotics.aau6637},
    URL = {https://www.science.org/doi/abs/10.1126/scirobotics.aau6637},
    eprint = {https://www.science.org/doi/pdf/10.1126/scirobotics.aau6637},
}

@article{horizon,
author = {Stewart, William and Guarino, Luca and Piskarev, Yegor and Floreano, Dario},
title = {Passive Perching with Energy Storage for Winged Aerial Robots},
journal = {Advanced Intelligent Systems},
volume = {5},
number = {4},
pages = {2100150},
keywords = {aerial systems, energy recuperation, passive perching},
doi = {https://doi.org/10.1002/aisy.202100150},
url = {https://onlinelibrary.wiley.com/doi/abs/10.1002/aisy.202100150},
eprint = {https://onlinelibrary.wiley.com/doi/pdf/10.1002/aisy.202100150}
}

@article{horizon2,
author = {Zufferey, Raphael and Tormo-Barbero, Jesus and Feliu-Talegón, Daniel and Nekoo, Saeed and Acosta, J. \'A and Ollero, Anibal},
year = {2022},
month = {12},
pages = {},
title = {How ornithopters can perch autonomously on a branch},
volume = {13},
journal = {Nature Communications},
doi = {10.1038/s41467-022-35356-5}
}

@inproceedings{ultra,
  author={McLaren, Andrew and Fitzgerald, Zak and Gao, Geng and Liarokapis, Minas},
  booktitle={2019 IEEE/RSJ International Conference on Intelligent Robots and Systems (IROS)}, 
  title={A Passive Closing, Tendon Driven, Adaptive Robot Hand for Ultra-Fast, Aerial Grasping and Perching}, 
  year={2019},
  volume={},
  number={},
  pages={5602-5607},
  keywords={},
  doi={10.1109/IROS40897.2019.8968076}
}

@INPROCEEDINGS{armed,
  author={Doyle, Courtney E. and Bird, Justin J. and Isom, Taylor A. and Johnson, C. Jerald and Kallman, Jason C. and Simpson, Jason A. and King, Raymond J. and Abbott, Jake J. and Minor, Mark A.},
  booktitle={2011 IEEE/RSJ International Conference on Intelligent Robots and Systems}, 
  title={Avian-inspired passive perching mechanism for robotic rotorcraft}, 
  year={2011},
  volume={},
  number={},
  pages={4975-4980},
  keywords={Joints;Tendons;Foot;Birds;Robots;Grasping;Force},
  doi={10.1109/IROS.2011.6094487}
}

@INPROCEEDINGS{tendondriven,
  author={Popek, Katie M. and Johannes, Matthew S. and Wolfe, Kevin C. and Hegeman, Rachel A. and Hatch, Jessica M. and Moore, Joseph L. and Katyal, Kapil D. and Yeh, Bryanna Y. and Bamberger, Robert J.},
  booktitle={2018 IEEE/RSJ International Conference on Intelligent Robots and Systems (IROS)}, 
  title={Autonomous Grasping Robotic Aerial System for Perching (AGRASP)}, 
  year={2018},
  volume={},
  number={},
  pages={1-9},
  keywords={Manipulators;Tendons;Robot sensing systems;Bars;Grasping;Three-dimensional displays},
  doi={10.1109/IROS.2018.8593669}
}

@article{SNAG,
author = {W. R. T. Roderick  and M. R. Cutkosky  and D. Lentink },
title = {Bird-inspired dynamic grasping and perching in arboreal environments},
journal = {Science Robotics},
volume = {6},
number = {61},
pages = {eabj7562},
year = {2021},
doi = {10.1126/scirobotics.abj7562},
URL = {https://www.science.org/doi/abs/10.1126/scirobotics.abj7562},
eprint = {https://www.science.org/doi/pdf/10.1126/scirobotics.abj7562},
}

@ARTICLE{selfmass,
  author={Doyle, Courtney E. and Bird, Justin J. and Isom, Taylor A. and Kallman, Jason C. and Bareiss, Daman F. and Dunlop, David J. and King, Raymond J. and Abbott, Jake J. and Minor, Mark A.},
  journal={IEEE/ASME Transactions on Mechatronics}, 
  title={An Avian-Inspired Passive Mechanism for Quadrotor Perching}, 
  year={2013},
  volume={18},
  number={2},
  pages={506-517},
  keywords={Drones;Mobile robots;Reconnaissance;Robots;Aircraft;Bioinspired;grasp;passive actuation;perch-and-stare;tendon;underactuation},
  doi={10.1109/TMECH.2012.2211081}
}

@INPROCEEDINGS{selfmass2,
  author={Doyle, Courtney E. and Bird, Justin J. and Isom, Taylor A. and Johnson, C. Jerald and Kallman, Jason C. and Simpson, Jason A. and King, Raymond J. and Abbott, Jake J. and Minor, Mark A.},
  booktitle={2011 IEEE/RSJ International Conference on Intelligent Robots and Systems}, 
  title={Avian-inspired passive perching mechanism for robotic rotorcraft}, 
  year={2011},
  volume={},
  number={},
  pages={4975-4980},
  keywords={Joints;Tendons;Foot;Birds;Robots;Grasping;Force},
  doi={10.1109/IROS.2011.6094487}
}

@ARTICLE{ozawa,
  author={Ozawa, Ryuta and Kobayashi, Hiroaki and Hashirii, Kazunori},
  journal={IEEE Transactions on Robotics}, 
  title={Analysis, Classification, and Design of Tendon-Driven Mechanisms}, 
  year={2014},
  volume={30},
  number={2},
  pages={396-410},
  keywords={Tendons;Time division multiplexing;Joints;Force;Robots;Actuators;Jacobian matrices;Cable-driven mechanisms;tendon-driven mechanisms (TDMs);transmission design;underactuated mechanisms;wire-driven mechanisms},
  doi={10.1109/TRO.2013.2287976}
}

@Article{differential,
AUTHOR = {Nikafrooz, Negin and Leonessa, Alexander},
TITLE = {A Single-Actuated, Cable-Driven, and Self-Contained Robotic Hand Designed for Adaptive Grasps},
JOURNAL = {Robotics},
VOLUME = {10},
YEAR = {2021},
NUMBER = {4},
ARTICLE-NUMBER = {109},
URL = {https://www.mdpi.com/2218-6581/10/4/109},
ISSN = {2218-6581},
DOI = {10.3390/robotics10040109}
}

@book{eulerbelt,
  title     = "Vector Mechanics for Engineers: Statics",
  author    = "Shelley. J. F.",
  year      = 1990,
  publisher = "McGraw-Hill",
  address   = "New York"
}

@article{friction,
author = {Blandon, Santiago and Amaya, Juan and Rojas, Alvaro},
year = {2015},
month = {10},
pages = {1-7},
title = {Development of a 3D printer and a supervision system towards the improvement of physical properties and surface finish of the printed parts},
doi = {10.1109/CCAC.2015.7345179}
}

@INPROCEEDINGS{pneumatics,
  author={Ang, Jim David and Librado, Lester and Salaan, Carl John and Maglasang, Jonathan and Sanchez, Kristine and Ang, Marcelo},
  booktitle={2022 IEEE/RSJ International Conference on Intelligent Robots and Systems (IROS)}, 
  title={Drone with Pneumatic-tethered Suction-based Perching Mechanism for High Payload Application}, 
  year={2022},
  volume={},
  number={},
  pages={12154-12161},
  keywords={Urban areas;Inspection;Autonomous aerial vehicles;Surface roughness;Rough surfaces;Reliability;Intelligent robots},
  doi={10.1109/IROS47612.2022.9982219}
}

@INPROCEEDINGS{pneumatics2,
  author={Tsukagoshi, Hideyuki and Watanabe, Masahiro and Hamada, Takahiro and Ashlih, Dameitry and Iizuka, Ryuma},
  booktitle={2015 IEEE International Conference on Robotics and Automation (ICRA)}, 
  title={Aerial manipulator with perching and door-opening capability}, 
  year={2015},
  volume={},
  number={},
  pages={4663-4668},
  keywords={Actuators;Manipulators;Force;Propellers;Robot sensing systems},
  doi={10.1109/ICRA.2015.7139845}
}

@misc{j-sugihara,
      title={BEATLE - Self-Reconfigurable Aerial Robot: Design, Control and Experimental Validation}, 
      author={Junichiro Sugihara and Moju Zhao and Takuzumi Nishio and Kei Okada and Masayuki Inaba},
      year={2024},
      eprint={2404.09153},
      archivePrefix={arXiv},
      primaryClass={cs.RO},
      url={https://arxiv.org/abs/2404.09153}, 
}

@misc{jedsy,
    title={Jedsy X},
    journal={website},
    year={2022},
    url={https://jedsy.com/},
    eprint={https://jedsy.com/},
}

@article{mapping,
  author = {Monteiro, João Gama and Jiménez, Jesús L. and Gizzi, Francesca and Přikryl, Petr and Lefcheck, Jonathan S. and Santos, Ricardo S. and Canning-Clode, João},
  title = {Novel approach to enhance coastal habitat and biotope mapping with drone aerial imagery analysis},
  journal = {Scientific Reports},
  year = {2021},
  volume = {11},
  number = {1},
  pages = {574},
  doi = {10.1038/s41598-020-80612-7},
  url = {https://doi.org/10.1038/s41598-020-80612-7}
}

@article{hug,
  author = {Askari, Mohammad and Benciolini, Michele and Phan, Hoang-Vu and Stewart, William and Ijspeert, Auke J. and Floreano, Dario},
  title = {Crash-perching on vertical poles with a hugging-wing robot},
  journal = {Communications Engineering},
  year = {2024},
  volume = {3},
  number = {1},
  pages = {98},
  doi = {10.1038/s44172-024-00241-0},
  url = {https://doi.org/10.1038/s44172-024-00241-0}
}

@article{hug2,
  author = {Zheng, Peter and Xiao, Feng and Nguyen, Pham Huy and Farinha, Andre and Kovac, Mirko},
  title = {Metamorphic aerial robot capable of mid-air shape morphing for rapid perching},
  journal = {Scientific Reports},
  year = {2023},
  volume = {13},
  number = {1},
  pages = {1297},
  doi = {10.1038/s41598-022-26066-5},
  url = {https://doi.org/10.1038/s41598-022-26066-5}
}

@article{underhandperching2,
  author = {Ubellacker, Samuel and Ray, Aaron and Bern, James M. and Strader, Jared and Carlone, Luca},
  title = {High-speed aerial grasping using a soft drone with onboard perception},
  journal = {npj Robotics},
  year = {2024},
  volume = {2},
  number = {1},
  pages = {5},
  doi = {10.1038/s44182-024-00012-1},
  url = {https://doi.org/10.1038/s44182-024-00012-1}
}

@article{underhandperching3,
    author = {Nadan, Paul M. and Anthony, Tatiana M. and Michael, Duncan M. and Pflueger, Jeffrey B. and Sethi, Manik S. and Shimazu, Kelli N. and Tieu, Mindy and Lee, Christopher L.},
    title = "{A Bird-Inspired Perching Landing Gear System1}",
    journal = {Journal of Mechanisms and Robotics},
    volume = {11},
    number = {6},
    pages = {061002},
    year = {2019},
    month = {09},
    issn = {1942-4302},
    doi = {10.1115/1.4044416},
    url = {https://doi.org/10.1115/1.4044416},
    eprint = {https://asmedigitalcollection.asme.org/mechanismsrobotics/article-pdf/11/6/061002/6030452/jmr\_11\_6\_061002.pdf},
}

@article{underhandperching4,
  title={Soft-Tentacle Gripper for Pipe Crawling to Inspect Industrial Facilities Using UAVs},
  author={F. Javier Garcia Rubiales and Pablo Ramon Soria and Bego{\~n}a C. Arrue and An{\'i}bal Ollero},
  journal={Sensors (Basel, Switzerland)},
  year={2021},
  volume={21},
  url={https://api.semanticscholar.org/CorpusID:235484764}
}

@INPROCEEDINGS{overheadperching2,
  author={Lee, Shawndy Michael and Liu, Jingmin and Chien, Jer Luen and Ng, Wei Hien and Lim, Milven and Foong, Shaohui},
  booktitle={2024 IEEE International Conference on Robotics and Automation (ICRA)}, 
  title={Rapid Resistography with Passive Overhead-perching Mechanism in an Unmanned Aerial System for Wood Structure Inspection}, 
  year={2024},
  volume={},
  number={},
  pages={1554-1560},
  keywords={Drilling;Surface resistance;Inspection;Safety;Grippers;Robots;Resistography;Wood structure inspection;Tethered Aerial Robotics;Prismatic Gripper Mechanism;Internal cavity detection},
  doi={10.1109/ICRA57147.2024.10611159}
}